<record><leader>00000cas a22000007a 4500</leader><controlfield tag="001">20062214</controlfield><controlfield tag="008">890724d19351938iduwr ne      0    0eng d</controlfield><datafield ind1=" " ind2=" " tag="010"><subfield code="a">sn 89055181 </subfield></datafield><datafield ind1=" " ind2=" " tag="040"><subfield code="a">NVB</subfield><subfield code="b">eng</subfield><subfield code="c">NVB</subfield><subfield code="d">OCLCQ</subfield><subfield code="d">OCLCF</subfield><subfield code="d">OCLCO</subfield></datafield><datafield ind1=" " ind2=" " tag="042"><subfield code="a">msc</subfield></datafield><datafield ind1=" " ind2=" " tag="043"><subfield code="a">n-us-id</subfield></datafield><datafield ind1="0" ind2="4" tag="245"><subfield code="a">The Lava Hot Springs bulletin and the Bancroft standard.</subfield></datafield><datafield ind1="3" ind2="0" tag="246"><subfield code="a">Lava Hot Springs bulletin</subfield></datafield><datafield ind1="1" ind2="7" tag="246"><subfield code="a">Lava bulletin</subfield></datafield><datafield ind1=" " ind2=" " tag="260"><subfield code="a">Lava Hot Springs, Bannock County, Idaho :</subfield><subfield code="b">J.F. Whitney</subfield></datafield><datafield ind1=" " ind2=" " tag="300"><subfield code="a">v.</subfield></datafield><datafield ind1=" " ind2=" " tag="310"><subfield code="a">Weekly</subfield></datafield><datafield ind1="1" ind2=" " tag="362"><subfield code="a">Began in 1935.</subfield></datafield><datafield ind1="0" ind2=" " tag="362"><subfield code="a">-v. 28, no. 38 (Apr. 15, 1938).</subfield></datafield><datafield ind1=" " ind2=" " tag="580"><subfield code="a">Other eds.: Grace herald, McCammon news.</subfield></datafield><datafield ind1=" " ind2=" " tag="588"><subfield code="a">Description based on: Vol. 28, no 24 (Jan. 7, 1938).</subfield></datafield><datafield ind1=" " ind2="0" tag="651"><subfield code="a">Lava Hot Springs (Idaho)</subfield><subfield code="v">Newspapers.</subfield></datafield><datafield ind1=" " ind2="7" tag="655"><subfield code="a">Newspapers.</subfield><subfield code="2">fast</subfield><subfield code="0">(OCoLC)fst01423814</subfield></datafield><datafield ind1=" " ind2="7" tag="651"><subfield code="a">Idaho</subfield><subfield code="z">Lava Hot Springs.</subfield><subfield code="2">fast</subfield><subfield code="0">(OCoLC)fst01288683</subfield></datafield><datafield ind1=" " ind2=" " tag="752"><subfield code="a">United States</subfield><subfield code="b">Idaho</subfield><subfield code="c">Bannock</subfield><subfield code="d">Lava Hot Springs.</subfield></datafield><datafield ind1="1" ind2=" " tag="775"><subfield code="t">Grace herald</subfield><subfield code="w">(DLC)sn 89055182</subfield></datafield><datafield ind1="1" ind2=" " tag="775"><subfield code="t">McCammon news</subfield><subfield code="w">(DLC)sn 89055175</subfield></datafield><datafield ind1="0" ind2="0" tag="780"><subfield code="t">Bancroft standard</subfield><subfield code="w">(DLC)sn 88056014</subfield></datafield><datafield ind1="0" ind2="0" tag="785"><subfield code="t">Downey comet and the Bancroft standard</subfield><subfield code="w">(DLC)sn 89055181</subfield></datafield></record>